% This file was created with JabRef 2.8.1.
% Encoding: UTF8

 %entre 5 et 10 références (avec au moins 5 références qui ne sont pas des liens de pages Web, mais plutôt des articles ou livres, de préférence à valeur scientifique cad publiés dans une conférence ou journal scientifique)
 
 
@Book{trilles02,
author={F. TRILLES},
publisher={CNFPT},
title={Les techniques et méthodes de l’entraînement sportif},
year={2002}
}

@Book{platonov88,
author={V. PLATONOV},
publisher={Revue EPS},
title={L'entraînement sportif, théorie et méthodologie},
year={1988}
}

 
@Book{ferre98,
author={J. FERRE,  B. PHILIPPE, P. LEROUX AND B. SANOU},
publisher={Amphora},
title={Dictionnaire des APS},
year={1998}
}

@Book{cazorlal97,
author={G. CAZORLA, E. THILL, R. THOMAS AND J. CAJA},
publisher={Vigot},
title={Manuel de l’Educateur Sportif, préparation au brevet d’Etat 1er et 2ème degrés},
year={1997}
}

@Book{whitaker14,
author={T. WHITAKER AND R. HAWORTH},
publisher={Routledge},
title={What Great Coaches Do Differently: 11 Elements of Effective Coaching},
year={2014}
}

@article{guerci12,
    author  = "B. GUERCI",
    title   = "Le glucose dans le liquide interstitiel",
    year    = "2012",
    journal = " Diabète \& Obésité",
    volume  = "7",
    number  = "57",
    pages   = "81--88"
}

@article{samuel08,
    author  = "C. SAMUEL",
    title   = "Sleep, Recovery, and Performance: The New Frontier in High-Performance Athletics",
    year    = "2008",
    journal = " Neurologic Clinics",
    number  = "26",
    pages   = "169–-180"
}

@misc{cerisier15,
  author = "N. CERISIER",
  title = "Gérer la récupération immédiate",
  note   = "\url{http://www.autourdutrail.com/2015/12/gerer-la-recuperation-immediate.html}",
  month = "Decembre",
  year = "2015"
}

@misc{ziane,
  author = {R. ZIANE},
  title = {L’entraînement invisible : qu’est-ce que c’est ?},
  note={\url{https://www.valdemarne.fr/newsletters/lettre-sport-sante-et-preparation-physique/lentrainement-invisible-quest-ce-que-cest}}
}

@misc{franck17,
  author = {C. FRANCK},
  title = {L’entrainement invisible mais permanent},
  note={\url{https://www.e-s-c.fr/entrainement-invisible.php}},
  month = "Juin",
  year = "2017"
}

@Book{lerner07,
author={K.L. LERNER, B.W. LERNER},
publisher={Gale},
title={World of Sports Science},
year={2007}
}

@mastersthesis{leuregans17,
author={C. LEUREGANS},
title={La technologie dans le cadre de
l’entraînement de natation},
school = "Université Paris Nanterre",
year={2017}
}


@misc{mathieu15,
  author = {C. MATHIEU},
  title = {Les filières énergétiques : Aérobie, Anaérobie Alactique et Lactique},
  note   = {\url{http://couloir4.com/les-filieres-energetiques-aerobie-anaerobie-lactique-et-alactique/}},
  month = "Janvier",
  year = "2015"
}

@misc{sporTech,
  author = {SporTech},
  title = {Energie de l'effort physique},
  note   = {\url{http://sportech.online.fr/sptc_idx.php?pge=spfr_src.html}}
}

@misc{ffdd,
  author = {Fédération Française Des Diabétiques},
  title = {La glycémie},
   note   = "\url{https://www.federationdesdiabetiques.org/information/glycemie}"
}

@misc{diabete,
  author = {Diabète \& Nutrition},
  title = {La glycémie qu'est ce que c'est ?},
  note   = "\url{https://diabetnutrition.ch/quest-ce-que-le-diabete/quest-ce-que-la-glycemie/}"
}

@article{denux,
    author  = "N. DENUX ",
    title   = "Les glucides et l'indice glycémique",
    journal = "Nutrition sportive",
    number  = "3",
}

@article{hirvonen92,
    author  = "J. HIRVONEN, A. NUMMELA, H. RUSKO, S. REHUNEN AND M. HÄRKÖNEN ",
    title   = "Fatigue and changes of ATP, creatine phosphate, and lactate during the 400-m sprint.",
    year    = "1992",
    journal = "Canadian journal of sport sciences",
    volume  = "17",
    number  = "2",
    pages   = "141--144"
}


@article{lacour90,
    author  = "J.R. LACOUR, E. BOUVAT AND J.C. BARTHELEMY",
    title   = "Post-competition blood lactate concentrations as indicators of anaerobic energy expenditure during 400-m and 800-m races",
    year    = "1990",
    journal = " European Journal of Applied Physiology and Occupational Physiology",
    volume  = "61",
    pages   = "172–176"
}

            
@article{bang36,
    author  = "O. BANG",
    title   = "The lactate content of the blood during and after
    muscular exercise in man.",
    year    = "1936",
    journal = "Scand. Arch. Physiol.",
    number = "Suppl 10",
    volume  = "74",
    pages   = "51--82"
}

@article{fahey12,
    author  = "A.J. FAHEY, N. PARAMALINGAM, R.J. DAVEY, E.A. DAVIS, T.W. JONES AND P. A. FOURNIER",
    title   = "The Effect of a Short Sprint on Postexercise Whole-Body Glucose Production and Utilization Rates in Individuals with Type 1 Diabetes Mellitus",
    year    = "2012",
    journal = "Journal of Clinical Endocrinology and Metabolism",
    number = "11",
    volume  = "97",
    pages   = "4193–-4200"
}

@article{goodwin07,
    author  = "M.L. GOODWIN, J.E. HARRIS, A. HERNANDEZ AND L.B GLADDEN",
    title   = "Blood Lactate Measurements and Analysis during Exercise: A Guide for Clinicians",
    year    = "2007",
    journal = "Journal of Diabetes Science and Technology",
    number = "4",
    volume  = "1",
    pages   = "558--569"
}

@article{graham84,
    author  = "T.E. GRAHAM",
    title   = "Mechanisms of Blood Lactate Increase During Exercise",
    year    = "1984",
    journal = "The Physiologist",
    number = "4",
    volume  = "27",
    pages   = "299--303"
}

@article{chassain86,
    author  = "A.P. CHASSAIN",
    title   = "Méthode d'appréciation objective de la tolérance de l'organisme à l'effort : application à la mesure des puissances critiques de la fréquence cardiaque et de la lactatémie",
    year    = "1986",
    journal = "Science \& Sports",
    volume  = "1",
    pages   = "41--48"
}

@article{cazorla01,
    author  = "G. CAZORLA, C. PETIBOIS, L. BOSQUET AND L. LEGER",
    title   = "Lactate et exercice : mythes et réalités",
    year    = "2001",
    journal = "Bioenergétique et activités physiques et sportives",
    volume  = "54",
    pages   = "63--76"
}


@article{justice15,
    author  = "T.D. JUSTICE, G.L. HAMMER, R.J. DAVEY, N. PARAMALINGAM, K.J. GUELFI, L. LEWIS, E.A. DAVIS, T.W. JONES AND P.A. FOURNIER,",
    title   = "Physiological Reports",
    year    = "2015",
    journal = "Journal of Clinical Endocrinology and Metabolism",
    number = "5",
    volume  = "3",
    pages   = "1--10"
}

@article{peronnet13,
    author  = "F. PERONNET",
    title   = "Signification de la concentration de lactate plasmatique au cours de l’exercice",
    year    = "2013",
    journal = "Movement \& Sport Sciences",
    number = "79",
    pages   = "	23--32"
}

@InProceedings{lain13,
    author = {D. LAIN, W. GRANGER},
    title = {{FOCUS}: OXYGEN SATURATION AND HEART RATE DURING EXERCISE PERFORMANCE},
    booktitle = {Anesthesia \& Analgesia},
    month = oct,
    year = 2013,
    publisher = {International Anesthesia Research Society}
}


@InProceedings{tabatabaei00,
    author  = "H. TABATABAEI",
    title   = "Evaluate the change of \%SpO2 (saturation percent oxygen) and heart rate at lactate threshold in male elite athletes during sport until exhaustion",
    year    = "2000"
}

@mastersthesis{sow08,
author={H. SOW},
publisher={Gale},
title={Etude de la concentration sanguine de lactate (lactatemie) après deux épreuves (200metres et  400metres plats) chez des athlètes sénégalais de niveau national spécialisés dans ces deux distances},
school = "Université CHEIKH ANTA DIOP
DE DAKAR",
year={2008}
}

@misc{lcornec,
    author  = "A.LE CORNEC-BOUTINEAU",
    title   = "Qu'est ce que l'acide lactique",
    journal = "SDPO-mag",
    note   ="\url{http://sdpo.com/quest-ce-lacide-lactique-amandine-cornec-2/}"
    
}

@misc{geonaute,
    author  = "GEONAUTE",
    title   = "Comment fonctionne un cardio optique?",
    note   = "\url{https://www.geonaute.fr/conseils/comment-fonctionne-un-cardio-optique-tp_1368}"
}


@misc{oxymetre,
    title   = {L’oxymètre de pouls ou saturomètre : principe et usage},
    year = "2015",
    note   = "\url{https://saintesante.com/diagnostic/dispositif/oxymetre-de-pouls-ou-saturometre}"
}


@misc{chauzi18,
    author = "B. CHAUZI",
    title   = {Cardiofréquencemètre et entraînement physique},
    year = "2018",
    note   = "\url{https://entrainement-sportif.fr/cardiofrequencemetre.htm}"
}

@misc{baudoin17,
    author = "P. BAUDOIN",
    title   = {Comment s'entraîner avec un cardio-fréquencemètre ?},
    year = "2017",
    note   = "\url{http://www.sport-passion.fr/conseils/cardio-frequencemetre.htm}"
}

@article{info12,
    title   = "Comment et pourquoi acheter un oxymètre de poul?",
    month = "Juin",
    year    = "2012",
    journal = "Info Respiration",
    number  = "109",
    pages   = "9--12",
    note   = "\url{http://www.automesure.com/library/pdf/acheter-un-oxymetre-de_pouls.pdf}"
}

